<record xmlns="http://www.loc.gov/MARC21/slim" xmlns:xsi="http://www.w3.org/2001/XMLSchema-instance" xsi:schemaLocation="http://www.loc.gov/MARC21/slim http://www.loc.gov/standards/marcxml/schema/MARC21slim.xsd"><leader>00037nz   2200037n  4500</leader><controlfield tag="001">DNB|100955592</controlfield><controlfield tag="003">DNB</controlfield><controlfield tag="005">20080405164937.0</controlfield><controlfield tag="008">910104n||aznnnabbn           | aaa    |c</controlfield><datafield ind1=" " ind2=" " tag="035"><subfield code="a">(DE-101)100955592</subfield></datafield><datafield ind1=" " ind2=" " tag="035"><subfield code="a">(DE-588a)100955592</subfield></datafield><datafield ind1=" " ind2=" " tag="040"><subfield code="a">DE-12</subfield><subfield code="b">ger</subfield><subfield code="c">DE-101</subfield><subfield code="e">rakwb</subfield><subfield code="d">9999</subfield></datafield><datafield ind1=" " ind2=" " tag="079"><subfield code="a">p</subfield><subfield code="q">f</subfield><subfield code="q">n</subfield><subfield code="t">12-PMA</subfield><subfield code="t">12</subfield></datafield><datafield ind1="0" ind2=" " tag="100"><subfield code="a">Nonnosus</subfield><subfield code="d">fl.6. Jh.</subfield></datafield><datafield ind1="0" ind2=" " tag="400"><subfield code="a">Nonnosos</subfield><subfield code="d">fl.6. Jh.</subfield></datafield><datafield ind1="0" ind2=" " tag="400"><subfield code="a">Nonnoso</subfield><subfield code="d">fl.6. Jh.</subfield></datafield><datafield ind1="0" ind2=" " tag="400"><subfield code="a">Nonossus</subfield><subfield code="d">fl.6. Jh.</subfield></datafield><datafield ind1=" " ind2=" " tag="549"><subfield code="w">i</subfield><subfield code="i">Zeit</subfield><subfield code="a">6. Jh.</subfield></datafield><datafield ind1=" " ind2=" " tag="670"><subfield code="a">Tusculum-Lexikon; CSGL</subfield></datafield><datafield ind1=" " ind2=" " tag="692"><subfield code="a">Nonnosus: Ex historia Nonnosi excerpta. - 1828</subfield></datafield><datafield ind1=" " ind2=" " tag="910"><subfield code="a">ex historia nonnosi excerpta</subfield><subfield code="9">1</subfield></datafield><datafield ind1=" " ind2=" " tag="943"><subfield code="a">182x</subfield><subfield code="9">1</subfield></datafield><datafield ind1=" " ind2=" " tag="996"><subfield code="2">BAV|ADV11951741</subfield></datafield><datafield ind1=" " ind2=" " tag="997"><subfield code="a">500 0 flourished</subfield><subfield code="9">1</subfield></datafield></record>